<record><leader>00000cas a22000007a 4500</leader><controlfield tag="001">15470917</controlfield><controlfield tag="008">870401d19411949inudn ne      0    0eng d</controlfield><datafield ind1=" " ind2=" " tag="010"><subfield code="a">sn 87055789 </subfield></datafield><datafield ind1=" " ind2=" " tag="040"><subfield code="a">NPI</subfield><subfield code="b">eng</subfield><subfield code="c">NPI</subfield><subfield code="d">OCLCQ</subfield></datafield><datafield ind1=" " ind2=" " tag="042"><subfield code="a">msc</subfield></datafield><datafield ind1="0" ind2=" " tag="130"><subfield code="a">Warsaw daily union (Warsaw, Ind. : 1941)</subfield></datafield><datafield ind1="1" ind2="0" tag="245"><subfield code="a">Warsaw daily union.</subfield></datafield><datafield ind1=" " ind2=" " tag="260"><subfield code="a">Warsaw, Ind. :</subfield><subfield code="b">Reub. Williams &amp; Sons,</subfield><subfield code="c">1941-1949.</subfield></datafield><datafield ind1=" " ind2=" " tag="310"><subfield code="a">Daily (except Sun.)</subfield></datafield><datafield ind1="0" ind2=" " tag="362"><subfield code="a">May 14, 1941-Nov. 12, 1949.</subfield></datafield><datafield ind1=" " ind2=" " tag="752"><subfield code="a">United States</subfield><subfield code="b">Indiana</subfield><subfield code="c">Kosciusko</subfield><subfield code="d">Warsaw.</subfield></datafield><datafield ind1="0" ind2="0" tag="780"><subfield code="t">Warsaw union (Warsaw, Ind. : Daily)</subfield><subfield code="w">(DLC)sn 87055788</subfield></datafield><datafield ind1="0" ind2="7" tag="785"><subfield code="t">Warsaw daily times (Warsaw, Ind. : 1935)</subfield><subfield code="w">(DLC)sn 87056393</subfield></datafield><datafield ind1="0" ind2="7" tag="785"><subfield code="t">Warsaw times-union</subfield><subfield code="w">(DLC)sn 87055840</subfield></datafield></record>